@misc{SPLetras,
	author = {{SPLetras}},
	institution = {SPLetras},
	mendeley-groups = {Qualifica{\c{c}}{\~{a}}o/websites},
	title = {{Entenda a importância de letreiros e fachadas na divulgação da empresa}},
	url = {https://www.spletras.com.br/entenda-a-importancia-de-letreiros-e-fachadas-na-divulgacao-da-empresa/},
	urldate = {2021-05-11},
	year = {2021}
}

@misc{Modulos,
	author = {{Mercado Livre}},
	institution = {Mercado Livre1},
	mendeley-groups = {Qualifica{\c{c}}{\~{a}}o/websites},
	title = {{Módulos}},
	url = {https://produto.mercadolivre.com.br/MLB-2059878661-matriz-de-ponto-5x7-12-polegadas-vermelho-5-pecas-_JM#position=2&search_layout=stack&type=item&tracking_id=83572190-6dec-4d04-a86a-0451f45d45e3},
	urldate = {2021-11-12},
	year = {2021}
}

@misc{BC547,
	author = {{Mercado Livre}},
	institution = {Mercado Livre2},
	mendeley-groups = {Qualifica{\c{c}}{\~{a}}o/websites},
	title = {{BC547}},
	url = {https://produto.mercadolivre.com.br/MLB-1992136846-50x-transistor-bc547-kit-com-50-pecas-_JM#position=5&search_layout=grid&type=item&tracking_id=b82cd38b-ba71-447d-a62b-295289fcda97},
	urldate = {2021-11-12},
	year = {2021}
}

@misc{74hc595,
	author = {{Mercado Livre}},
	institution = {Mercado Livre3},
	mendeley-groups = {Qualifica{\c{c}}{\~{a}}o/websites},
	title = {{74hc595}},
	url = {https://produto.mercadolivre.com.br/MLB-1597546400-74hc595-novo-10-pecas-_JM#position=3&search_layout=grid&type=item&tracking_id=c0bf8d1f-9b17-4e3c-b839-6eeb9d9221de},
	urldate = {2021-11-12},
	year = {2021}
}

@misc{74hc138,
	author = {{Mercado Livre}},
	institution = {Mercado Livre4},
	mendeley-groups = {Qualifica{\c{c}}{\~{a}}o/websites},
	title = {{74hc138}},
	url = {https://produto.mercadolivre.com.br/MLB-1875873058-kit-10-pecas-circuito-integrado-74hc138d-smd-soic-16-_JM#position=8&search_layout=grid&type=item&tracking_id=c784f661-e44f-4897-9f0a-14faff217978},
	urldate = {2021-11-12},
	year = {2021}
}

@misc{Capacitor100nF,
	author = {{Mercado Livre}},
	institution = {Mercado Livre5},
	mendeley-groups = {Qualifica{\c{c}}{\~{a}}o/websites},
	title = {{Capacitor100nF}},
	url = {https://produto.mercadolivre.com.br/MLB-1268480047-capacitor-disco-ceramico-100kpf-104-100nf-50v-100-pcs-_JM?matt_tool=56291529&matt_word=&matt_source=google&matt_campaign_id=14303413604&matt_ad_group_id=125984287157&matt_match_type=&matt_network=g&matt_device=c&matt_creative=539354956218&matt_keyword=&matt_ad_position=&matt_ad_type=pla&matt_merchant_id=262577745&matt_product_id=MLB1268480047&matt_product_partition_id=1404886571258&matt_target_id=pla-1404886571258&gclid=CjwKCAiAs92MBhAXEiwAXTi25wdKTgejSgB7WTGUfCzi2_5YXpwSDSevW74yoNXVltyfOw1jShtstxoCwo0QAvD_BwE},
	urldate = {2021-11-12},
	year = {2021}
}

@misc{Conectorheader16Pinos,
	author = {{Mercado Livre}},
	institution = {Mercado Livre6},
	mendeley-groups = {Qualifica{\c{c}}{\~{a}}o/websites},
	title = {{Conector header 16 pinos}},
	url = {https://produto.mercadolivre.com.br/MLB-751903050-conector-box-header-16pinos-90-sem-ejetor-pci-10pcs-_JM#position=1&search_layout=stack&type=item&tracking_id=f3111a3c-bed9-4ee7-bf41-cf6e1283be9b},
	year = {2021}
}

@misc{Conectorldcmacho,
	author = {{Mercado Livre}},
	institution = {Mercado Livre7},
	mendeley-groups = {Qualifica{\c{c}}{\~{a}}o/websites},
	title = {{Conector LCD macho}},
	url = {https://produto.mercadolivre.com.br/MLB-2053270765-conector-idc-macho-10-vias-para-pci-5-pcs-_JM?matt_tool=40343894&matt_word=&matt_source=google&matt_campaign_id=14303413655&matt_ad_group_id=125984293117&matt_match_type=&matt_network=g&matt_device=c&matt_creative=539354956680&matt_keyword=&matt_ad_position=&matt_ad_type=pla&matt_merchant_id=401317166&matt_product_id=MLB2053270765&matt_product_partition_id=1404886571418&matt_target_id=aud-1457490208228:pla-1404886571418&gclid=CjwKCAiAvriMBhAuEiwA8Cs5lXz9oquUwU_1jxwGnQrt6Gmhe8YuXJHWOMGeYOq6yJSD44666JWqjBoCVEAQAvD_BwE},
	urldate = {2021-11-12},
	year = {2021}
}

@misc{Conectorlatchfemea,
	author = {{Mercado Livre}},
	institution = {Mercado Livre8},
	mendeley-groups = {Qualifica{\c{c}}{\~{a}}o/websites},
	title = {{Conector Latch Fêmea}},
	url = {https://produto.mercadolivre.com.br/MLB-1740835462-50x-conector-latch-fmea-10-vias-fc10-_JM#position=1&search_layout=stack&type=pad&tracking_id=82ee96e8-761b-4c43-b657-014536bf7a48&is_advertising=true&ad_domain=VQCATCORE_LST&ad_position=1&ad_click_id=ODYyZTFkZWQtMzgzNS00YjJkLTg4NzktZTkyMjM5NTIwODYz},
	urldate = {2021-11-12},
	year = {2021}
}

@misc{CaboFita,
	author = {{Mercado Livre}},
	institution = {Mercado Livre9},
	mendeley-groups = {Qualifica{\c{c}}{\~{a}}o/websites},
	title = {{Cabo Fita}},
	url = {https://produto.mercadolivre.com.br/MLB-1347331417-cabo-flat-colorido-20-vias-127mm-por-metro-_JM?matt_tool=56291529&matt_word=&matt_source=google&matt_campaign_id=14303413604&matt_ad_group_id=125984287157&matt_match_type=&matt_network=g&matt_device=c&matt_creative=539354956218&matt_keyword=&matt_ad_position=&matt_ad_type=pla&matt_merchant_id=114567802&matt_product_id=MLB1347331417&matt_product_partition_id=1404886571258&matt_target_id=aud-1457490207828:pla-1404886571258&gclid=CjwKCAiAvriMBhAuEi},
	urldate = {2021-11-12},
	year = {2021}
}

@misc{Fonte5v,
	author = {{Mercado Livre}},
	institution = {Mercado Livre10},
	mendeley-groups = {Qualifica{\c{c}}{\~{a}}o/websites},
	title = {{Fonte 5V 5A}},
	url = {https://produto.mercadolivre.com.br/MLB-1871172845-fonte-5v-5a-estabilizada-bivolt-automatica-plug-p4-21-_JM?matt_tool=56291529&matt_word=&matt_source=google&matt_campaign_id=14303413604&matt_ad_group_id=125984287157&matt_match_type=&matt_network=g&matt_device=c&matt_creative=539354956218&matt_keyword=&matt_ad_position=&matt_ad_type=pla&matt_merchant_id=495240848&matt_product_id=MLB1871172845&matt_product_partition_id=1404886571258&matt_target_id=pla-1404886571258&gclid=CjwKCAiAvriMBhAuEiwA8Cs5ldo37qkvNddjEg8qStk_TeWrw_cW-iaJhPlZ3xws_OUgW1qLBlHamRoCmGgQAvD_BwE},
	urldate = {2021-11-12},
	year = {2021}
}

@misc{330,
	author = {{Mercado Livre}},
	institution = {Mercado Livre11},
	mendeley-groups = {Qualifica{\c{c}}{\~{a}}o/websites},
	title = {{330}},
	url = {https://produto.mercadolivre.com.br/MLB-1166738424-resistor-14w-varios-modelos-100-unidades-_JM?attributes=VGlwbw%3D%3D%3AMzMwIG9obXM%3D&quantity=1},
	urldate = {2021-11-12},
	year = {2021}
}
@misc{1k,
	author = {{Mercado Livre}},
	institution = {Mercado Livre12},
	mendeley-groups = {Qualifica{\c{c}}{\~{a}}o/websites},
	title = {{1k}},
	url = {https://produto.mercadolivre.com.br/MLB-1792271935-20-resistor-1k-ohms-14-w-5-bege-led-12v-para-arduino-esp-_JM?matt_tool=40343894&matt_word=&matt_source=google&matt_campaign_id=14303413655&matt_ad_group_id=125984293117&matt_match_type=&matt_network=g&matt_device=c&matt_creative=539354956680&matt_keyword=&matt_ad_position=&matt_ad_type=pla&matt_merchant_id=305790778&matt_product_id=MLB1792271935&matt_product_partition_id=1404886571418&matt_target_id=pla-1404886571418&gclid=CjwKCAiAvriMBhAuEiwA8Cs5lW4GUOmifl1IF52SQ48OelExkwKt0Fa_2gYqPPzC-h1icXwQOTSyzhoCIm0QAvD_BwE},
	urldate = {2021-11-12},
	year = {2021}
}

@misc{Esp32,
	author = {{Mercado Livre}},
	institution = {Mercado Livre13},
	mendeley-groups = {Qualifica{\c{c}}{\~{a}}o/websites},
	title = {{Esp32}},
	url = {https://produto.mercadolivre.com.br/MLB-1415694578-esp32-wifi-bluetooth-esp32s-esp-wroom-32-_JM?matt_tool=56291529&matt_word=&matt_source=google&matt_campaign_id=14303413604&matt_ad_group_id=125984287157&matt_match_type=&matt_network=g&matt_device=c&matt_creative=539354956218&matt_keyword=&matt_ad_position=&matt_ad_type=pla&matt_merchant_id=437518494&matt_product_id=MLB1415694578&matt_product_partition_id=1404886571258&matt_target_id=pla-1404886571258&gclid=CjwKCAiAvriMBhAuEiwA8Cs5lWbgkQAUwgjJ9RdO3aUAfa32sZKNt9gTvk0SXAqjlzjX4QQqtpJT-hoCPxgQAvD_BwE},
	urldate = {2021-11-12},
	year = {2021}
}







@misc{BC547novo,
	author = {{Baú da Eletrônica}},
	institution = {Baú da Eletrônica},
	mendeley-groups = {Qualifica{\c{c}}{\~{a}}o/websites},
	title = {{BC547}},
	url = {https://www.baudaeletronica.com.br/transistor-npn-bc547.html},
	urldate = {2021-11-19},
	year = {2021}
}

@misc{74hc595novo,
	author = {{Baú da Eletrônica}},
	institution = {Baú da Eletrônica2},
	mendeley-groups = {Qualifica{\c{c}}{\~{a}}o/websites},
	title = {{74hc595}},
	url = {https://www.baudaeletronica.com.br/circuito-integrado-74hc595-shift-register.html},
	urldate = {2021-11-19},
	year = {2021}
}

@misc{74hc138novo,
	author = {{Baú da Eletrônica}},
	institution = {Baú da Eletrônica3},
	mendeley-groups = {Qualifica{\c{c}}{\~{a}}o/websites},
	title = {{74hc138}},
	url = {https://www.baudaeletronica.com.br/circuito-integrado-74hc138-3-to-8-line-decoder.html
},
	urldate = {2021-11-19},
	year = {2021}
}

@misc{Capacitor100nFnovo,
	author = {{Baú da Eletrônica}},
	institution = {Baú da Eletrônica4},
	mendeley-groups = {Qualifica{\c{c}}{\~{a}}o/websites},
	title = {{74hc595}},
	url = {https://www.baudaeletronica.com.br/capacitor-ceramico-100nf-50v.html},
	urldate = {2021-11-19},
	year = {2021}
}

@misc{Conectorheader16Pinosnovo,
	author = {{Baú da Eletrônica}},
	institution = {Baú da Eletrônica5},
	mendeley-groups = {Qualifica{\c{c}}{\~{a}}o/websites},
	title = {{Conector header 16 pinos}},
	url = {https://www.baudaeletronica.com.br/conector-box-header-16-vias-90-graus.html},
	urldate = {2021-11-19},
	year = {2021}
}

@misc{Conectorlatchfemeanovo,
	author = {{Baú da Eletrônica}},
	institution = {Baú da Eletrônica6},
	mendeley-groups = {Qualifica{\c{c}}{\~{a}}o/websites},
	title = {{Conector Latch Fêmea}},
	url = {https://www.baudaeletronica.com.br/conector-latch-femea-10-vias.html},
	urldate = {2021-11-19},
	year = {2021}
}

@misc{CaboFitanovo,
	author = {{Baú da Eletrônica}},
	institution = {Baú da Eletrônica7},
	mendeley-groups = {Qualifica{\c{c}}{\~{a}}o/websites},
	title = {{Cabo Fita}},
	url = {https://www.baudaeletronica.com.br/cabo-flat-10-vias-cinza-28-awg.html},
	urldate = {2021-11-19},
	year = {2021}
}

@misc{330novo,
	author = {{Baú da Eletrônica}},
	institution = {Baú da Eletrônica8},
	mendeley-groups = {Qualifica{\c{c}}{\~{a}}o/websites},
	title = {{330}},
	url = {https://www.baudaeletronica.com.br/resistor-330k-5-1-4w.html},
	urldate = {2021-11-19},
	year = {2021}
}
@misc{1knovo,
	author = {{Baú da Eletrônica}},
	institution = {Baú da Eletrônica9},
	mendeley-groups = {Qualifica{\c{c}}{\~{a}}o/websites},
	title = {{1k}},
	url = {https://www.baudaeletronica.com.br/resistor-1k-5-1-4w.html},
	urldate = {2021-11-19},
	year = {2021}
}

@misc{Esp32novo,
	author = {{Baú da Eletrônica}},
	institution = {Baú da Eletrônica10},
	mendeley-groups = {Qualifica{\c{c}}{\~{a}}o/websites},
	title = {{Esp32}},
	url = {https://www.baudaeletronica.com.br/placa-doit-esp32-bluetooth-e-wifi.html},
	urldate = {2021-11-19},
	year = {2021}
}